<?xml version="1.0" encoding="UTF-8"?><record xmlns="http://www.loc.gov/MARC21/slim" xmlns:cinclude="http://apache.org/cocoon/include/1.0" xmlns:zs="http://www.loc.gov/zing/srw/">
  <leader>00476cz  a2200145n  4500</leader>
  <controlfield tag="001">n  97903446 </controlfield>
  <controlfield tag="003">DLC</controlfield>
  <controlfield tag="005">20000729065923.0</controlfield>
  <controlfield tag="008">970725n| acannaabn          |a aaa      </controlfield>
  <datafield tag="010" ind1=" " ind2=" ">
    <subfield code="a">n  97903446 </subfield>
  </datafield>
  <datafield tag="035" ind1=" " ind2=" ">
    <subfield code="a">(OCoLC)oca04406463</subfield>
  </datafield>
  <datafield tag="040" ind1=" " ind2=" ">
    <subfield code="a">DLC</subfield>
    <subfield code="b">eng</subfield>
    <subfield code="c">DLC</subfield>
    <subfield code="d">OCoLC</subfield>
  </datafield>
  <datafield tag="100" ind1="1" ind2=" ">
    <subfield code="a">Nugroho, Naresworo,</subfield>
    <subfield code="d">1965-</subfield>
  </datafield>
  <datafield tag="400" ind1="0" ind2=" ">
    <subfield code="a">Naresworo Nugroho,</subfield>
    <subfield code="d">1965-</subfield>
  </datafield>
  <datafield tag="670" ind1=" " ind2=" ">
    <subfield code="a">Studi pemanfaatan jenis-jenis kayu Indonesia ... 1994:</subfield>
    <subfield code="b">t.p. (Naresworo Nugroho) leaf viii (b. in Yogyakarta, Jan. 22, 1965)</subfield>
  </datafield>
</record>